%%%% REFERÊNCIAS
%%
%% Conjunto padronizado de elementos descritivos retirados de um documento, que permite sua identificação individual.
%%
%% Adicione neste arquivo as suas referências no formato BibTeX, conforme exemplos apresentados no arquivo
%% "exemplos-referencias.bib".

%%% INICIO TRABALHOS RELACIONADOS


% Graphs and Concepts
@article{free:77,
  author={Linton C. Freeman},
  title={A Set of Measures of Centrality Based on Betweeness},
  url={https://www.jstor.org/stable/3033543},
  journal = {Sociometry},
  publisher={American Sociological Association},
  volume = {40},
  number ={1},
  pages = {35–41},
  year={1977}
}

@article{free:79,
  author={Linton C. Freeman},
  title={Centrality in Social Networks: I. Conceptual clarification. },
  url={http://leonidzhukov.net/hse/2014/socialnetworks/papers/freeman79-centrality.pdf},
  journal = {Social Networks 1},
  publisher={Elsevier S},
  pages = {215–239},
  year={1979}
}

@inproceedings{boud:13,
    author = {Boudin, Florian},
    year = {2013},
    month = {10},
    pages = {834-838},
    title = {A Comparison of Centrality Measures for Graph-Based Keyphrase Extraction}
}

@article{article,
    author = {Borgatti, Stephen},
    year = {2005},
    month = {01},
    pages = {55-71},
    title = {Centrality and Network Flow},
    volume = {27},
    journal = {Social Networks},
    doi = {10.1016/j.socnet.2004.11.008}
}

@article{brin:98,
  author = {Brin, Sergey and Page, Lawrence},
  doi = {https://doi.org/10.1016/S0169-7552(98)00110-X},
  issue_date = {April 1, 1998},
  journal = {Comput. Netw. ISDN Syst.},
  number = {1-7},
  numpages = {11},
  pages = {107--117},
  publisher = {Elsevier Science Publishers B. V.},
  title = {The Anatomy of a Large-scale Hypertextual Web Search Engine},
  url = {http://dx.doi.org/10.1016/S0169-7552(98)00110-X},
  volume = 30,
  year = 1998
}




% Urban Operations
@book{Larson:81,
  author={Richard C. Larson and Amedeo R. Odoni},
  title={Urban Operations Research},
  url={https://web.mit.edu/urban_or_book/www/book/index.html},
  publisher={Prentice-Hall},
  year={1981}
}

@book{fer:04,
  author={Antonio C. P. Ferraz and Isaac G. E. Torres},
  title={Transporte público urbano},
  publisher={Rima Editora},
  year={2004}
}

@article{wes:17,
    author = {Wessel, Nate and Allen, Jeff and Farber, Steven},
    year = {2017},
    month = {06},
    pages = {92-97},
    title = {Constructing a routable retrospective transit timetable from a real-time vehicle location feed and {GTFS}},
    volume = {62},
    journal = {J. Transp. Geo.},
    doi = {10.1016/j.jtrangeo.2017.04.012}
}


@inproceedings{Mart:2009,
  author={Vladislav Martınek and Michal Zemlicka},
  title={Speeding Up Shortest Path Search in Public Transport Networks},
  year={2009},
  volume= {471},
  url={http://ceur-ws.org/Vol-471/paper1.pdf},
  booktitle ={CEUR Workshop Proceedings}
}


@misc{maduako2018exploring,
    title={Exploring the use of time-varying graphs for modelling transit networks},
    author={Ikechukwu Maduako and Emerson Cavalheri and Monica Wachowicz},
    year={2018},
    eprint={1803.07610},
    archivePrefix={arXiv},
    primaryClass={cs.SI}
}

@inproceedings{Sem:16,
  title={Time Traveling in Graphs using a Graph Database.},
  author={Semertzidis, Konstantinos and Pitoura, Evaggelia},
  booktitle={EDBT/ICDT Workshops},
  year={2016},
  month = {03}
}

% Curitiba 
@article{CWBconhecida,
    title ={How {C}uritiba's {BRT} stations sparked a transport revolution – a history of cities in 50 buildings, day 43},
    author = {Reed, Drew},
    year = {2015},
    url = {https://www.theguardian.com/cities/2015/may/26/curitiba-brazil-brt-transport-revolution-history-cities-50-buildings},
    journal = {The Guardian},
}
  
@misc{URBS,
    title = {URBANIZAÇÃO DE CURITIBA S/A},
    author ={URBS},
    year ={2020},
    url= {https://www.urbs.curitiba.pr.gov.br/},
    publisher ={URBS}
}
 
@misc{dadosabertos,
    title = {WEB-SERVICE – DADOS PÚBLICOS DA REDE INTEGRADA O
TRANSPORTE COLETIVO DE CURITIBA},
    author ={URBS},
    year ={2015},
    url= {https://mid.curitiba.pr.gov.br/dadosabertos/TransporteColetivo/2015-11-24_Documenta%C3%A7%C3%A3o_WEB-SERVICE_%E2%80%93_TRANSPORTE_COLETIVO_DE_CURITIBA.pdf},
    publisher ={URBS}
}

@misc{Cur:19,
    author={URBS},
    title={{URBS} em números},
    year={2019},
    note = {\url"https://www.urbs.curitiba.pr.gov.br/transporte/rede-integrada-de-transporte" acesso em 09/03/2019}
}

@misc{Dem:20,
    author={demographia},
    title={www.demographia.com},
    year={2020},
    url = {"http://www.demographia.com/db-worldua.pdf"}
}

@misc{new:20,
    author={newgeography},
    title={https://www.newgeography.com},
    year={2020},
    url = {"https://www.newgeography.com/content/003249-what-a-half-urban-world"}
}



@misc{Mov:20,
    author={moovitapp},
    title={Moovit_Insights_Public_Transit_Index-countries},
    year={2020},
    url = {"https://moovitapp.com/insights/en/Moovit_Insights_Public_Transit_Index-countries"}
}

@inproceedings{Khine:17,
author = {Khine, Pwint and Wang, Zhao},
year = {2017},
month = {12},
pages = {},
title = {Data Lake: A New Ideology in Big Data Era}
}

@inproceedings{Boufea:17,
author = {Boufea, Katerina and Finkers, Richard and Kaauwen, Martijn and Kramer, Mark and Athanasiadis, Ioannis},
year = {2017},
month = {12},
pages = {219-226},
title = {Managing Variant Calling Files the Big Data Way: Using {HDFS} and {A}pache Parquet},
doi = {10.1145/3148055.3148060},
booktitle={Proc. of the Fourth IEEE/ACM Int. Conf. on Big Data Computing, Applications and Technologies}
}



@book{needham:2019,
  title={Graph Algorithms: Practical Examples in Apache Spark and Neo4j},
  author={Needham, M. and Hodler, A.E.},
  isbn={9781492047681},
  lccn={2019275313},
  year={2019},
  publisher={O'Reilly Media}
}

@book{Yves:2018,
author = {Hilpisch, Yves},
title = {Python for Finance: Mastering Data-Driven Finance},
year = {2018},
isbn = {9781492024330},
publisher = {O'Reilly Media, Inc.},
edition = {2st}
}

@book{bruggen:2014,
  author = {Bruggen, Rik van and Mohanta, Pratyush},
  description = {Learning Neo4j: Rik Van Bruggen: 9781849517164: Amazon.com: Books},
  isbn = {1849517169},
  keywords = {bigdata graph neo4j nosql},
  title = {Learning Neo4j : run blazingly fast queries on complex graph datasets with the power of the Neo4j graph database},
  year = 2014
}





%% included by Luders

@inproceedings{cat:13,
author = {Cattuto, Ciro and Quaggiotto, Marco and Panisson, Andr\'{e} and Averbuch, Alex},
title = {Time-Varying Social Networks in a Graph Database: A {N}eo4j Use Case},
year = {2013},
isbn = {9781450321884},
publisher = {ACM},
address = {NY, USA},
url = {https://doi.org/10.1145/2484425.2484442},
doi = {10.1145/2484425.2484442},
booktitle = {First Int. Workshop on Graph Data Management Experiences and Systems},
articleno = {Article 11},
numpages = {6},
keywords = {temporal networks, social networks, wearable sensors, graph databases, graph database, Neo4j},
location = {New York},
series = {GRADES ’13}
}

@article{sant:12,
author = {Arnaud Casteigts and  Paola Flocchini  and  Walter Quattrociocchi  and Nicola Santoro },
title = {Time-varying graphs and dynamic networks},
journal = {Int. Journal of Parallel, Emergent and Distributed Systems},
volume = {27},
number = {5},
pages = {387-408},
year  = {2012},
publisher = {Taylor & Francis},
doi = {10.1080/17445760.2012.668546},
OPTURL = {https://doi.org/10.1080/17445760.2012.668546},
OPTeprint = {https://doi.org/10.1080/17445760.2012.668546}
}

@article{hol:12,
title = "Temporal networks",
journal = "Physics Reports",
volume = "519",
number = "3",
pages = "97 - 125",
year = "2012",
note = "Temporal Networks",
issn = "0370-1573",
doi = "https://doi.org/10.1016/j.physrep.2012.03.001",
OPTurl = "http://www.sciencedirect.com/science/article/pii/S0370157312000841",
author = "Petter Holme and Jari Saramäki"
}

@article{lat:12,
author = {Vincenzo Nicosia and John Tang and Mirco Musolesi and Giovanni Russo and Cecilia Mascolo and Vito Latora},
title = {Components in time-varying graphs},
journal = {Chaos: An Interdisciplinary Journal of Nonlinear Science},
volume = {22},
number = {2},
pages = {023101},
year  = {2012},
publisher = {AIP Publishing},
doi = {10.1063/1.3697996},
OPTURL = {https://doi.org/10.1063/1.3697996},
OPTeprint = {https://doi.org/10.1063/1.3697996}
}

@INPROCEEDINGS{wach:17, 
author={H. {Cao} and M. {Wachowicz} and S. {Cha}}, 
booktitle={2017 IEEE International Conference on Big Data (Big Data)}, title={Developing an edge computing platform for real-time descriptive analytics}, 
year={2017}, 
volume={}, 
number={}, 
pages={4546-4554},
}

@inproceedings{vick:10,
author = {Vicknair, Chad and Macias, Michael and Zhao, Zhendong and Nan, Xiaofei and Chen, Yixin and Wilkins, Dawn},
title = {A Comparison of a Graph Database and a Relational Database: A Data Provenance Perspective},
year = {2010},
isbn = {9781450300643},
publisher = {ACM},
address = {NY, USA},
url = {https://doi.org/10.1145/1900008.1900067},
doi = {10.1145/1900008.1900067},
booktitle = {Proc. of the 48th Annual Southeast Regional Conf.},
articleno = {Article 42},
numpages = {6},
location = {Oxford, Mississippi},
series = {ACM SE ’10}
}

@article{wach:19,
author = {I. Maduako and M. Wachowicz and T. Hanson},
title = {{STVG}: an evolutionary graph framework for analyzing fast-evolving networks},
journal = {J Big Data},
volume = {6},
number = {55},
pages = {1-24},
year  = {2019},
publisher = {Springer},
doi = {10.1186/s40537-019-0218-z},
OPTURL = {https://doi.org/10.1080/17445760.2012.668546},
OPTeprint = {https://doi.org/10.1080/17445760.2012.668546}
}

@article{lat:10,
  title = {Small-world behavior in time-varying graphs},
  author = {Tang, J. and Scellato, S. and Musolesi, M. and Mascolo, C. and Latora, V.},
  journal = {Phys. Rev. E},
  volume = {81},
  issue = {5},
  pages = {055101},
  numpages = {4},
  year = {2010},
  month = {May},
  publisher = {American Physical Society},
  doi = {10.1103/PhysRevE.81.055101},
  url = {https://link.aps.org/doi/10.1103/PhysRevE.81.055101}
}

@inproceedings{sant:09,
author = {P. Flocchini and B. Mans and N. Santoro},
title = {Exploration of periodically varying graphs},
year = {2009},
pages={534-543},
OPTisbn = {9781450300643},
OPTpublisher = {Association for Computing Machinery},
OPTaddress = {New York, NY, USA},
OPTurl = {https://doi.org/10.1145/1900008.1900067},
OPTdoi = {10.1145/1900008.1900067},
booktitle = {Proc. of 20th Int. Symp. on Algo. and Comp. (ISAAC)},
OPTarticleno = {Article 42},
OPTnumpages = {6},
OPTlocation = {Oxford, Mississippi},
OPTseries = {ACM SE ’10}
}

@article{tang:10,
  title = {Characterising temporal distance and reachability in mobile and online social networks},
  author = {J. Tang and M. Musolesi and C. Mascolo and V. Latora},
  journal = {ACM Computer Communication Review},
  volume = {40},
  issue = {1},
  pages = {118–124},
  OPTnumpages = {4},
  year = {2010},
  OPTmonth = {May},
  OPTpublisher = {American Physical Society},
  OPTdoi = {10.1103/PhysRevE.81.055101},
  OPTurl = {https://link.aps.org/doi/10.1103/PhysRevE.81.055101}
}

@article{rod:10,
  title = {Constructions from dots and lines},
  author = {M. A. Rodriguez and P. Neubauer},
  journal = {Bulletin of the American Society for Information Science and Technology},
  volume = {36},
  issue = {6},
  pages = {35–41},
  OPTnumpages = {4},
  year = {2010},
  OPTmonth = {May},
  OPTpublisher = {American Physical Society},
  OPTdoi = {10.1103/PhysRevE.81.055101},
  OPTurl = {https://link.aps.org/doi/10.1103/PhysRevE.81.055101}
}

@book{page:06,
  author={A. Langville and C. Meyer},
  title={Google's PageRank and Beyond: The Science of Search Engine Rankings},
  url={https://web.mit.edu/urban_or_book/www/book/index.html},
  publisher={Princeton University Press},
  year={2006},
  isbn={0-691-12202-4}
}

@article{DeBona2016,
	author      = {A. De-Bona and K. Fonseca and M. Rosa and R. L\"{u}ders and M. Delgado},
	title       = {Analysis of public bus transportation of a {Brazilian} city based on the theory of complex networks using the {P-Space}},
	journal     = {Math. Probl. Eng.},
	volume      = {2016},
	year        = {2016},
	doi         = {10.1155/2016/3898762},
	note        = "{Hindawi Publishing Corporation}, 8 pages",
	language    = {english},
}

@article{Sienkiewicz2005,
	author      = {J. Sienkiewicz and J. Ho\l{}yst},
	title       = {Statistical analysis of 22 public transport networks in {Poland}},
	journal     = {Phys. Rev. E},
	volume      = {72},
	issue       = {4},
	year        = {2005},
	pages       = {046127},
	numpages    = {11},
	language    = {english},
}

@article{Xu2013, 
	author      = {Q. Xu and Z. Zu and Z. Xu and W. Zhang and T. Zheng},
	title       = {Space P-Based empirical research on public transport complex networks in 330 cities of {China}},
	journal     = {J. Transp. Sys Eng. \& IT},
	volume      = {13},
	year        = {2013},
	pages       = {193--198},
	language    = {english},
}

@article{Izawa2017,
	author      = {M. Izawa and F. Oliveira and D. Cajueiro and B. Mello},
	title       = {Pendular behavior of public transportation networks},
	journal     = {Phys. Rev. E},
	volume      = {96},
	year        = {2017},
	pages       = {012309},
	language    = {english},
}

@article{Gallotti2015,
	author      = {R. Gallotti and M. Barthelemy},
	title       = {The multilayer temporal network of public transport in {Great} {Britain}},
	journal     = {Sci. Data},
	volume      = {2},
	year        = {2015},
	pages       = {1--8},
	doi         = {10.1038/sdata.2014.56},
	language    = {english},
}

@article{curz:19,
	author      = {J. L. Curzel and R. Lüders and K. V. O. Fonseca and M. O. Rosa},
	title       = {Temporal Performance Analysis of Bus Transportation Using Link Streams},
	journal     = {Math. Problems in Eng.},
	volume      = {2019},
	year        = {2019},
	pages       = {6139379},
	doi         = {10.1155/2019/6139379},
}


%%%Templates

@article{VNSsurvey2016,
author = {P. Hansen and N. Mladenovic and R. Todosijevic and S. Hanafi},
 year = {2016},
 month = {08},
 pages = {},
title = {Variable neighborhood search: basics and variants},
volume = {5},
journal = {EURO Journal on Computational Optimization}
}

@inproceedings{LonContProbGecco2019,
author = {Jason Adair and Gabriela Ochoa and Katherine M. Malan},
title = {Local Optima Networks for Continuous Fitness Landscapes},
year = {2019},
 isbn = {9781450367486},
 publisher = {Association for Computing Machinery},
address = {New York, NY, USA},
 url = {https://doi.org/10.1145/3319619.3326852},
 doi = {10.1145/3319619.3326852},
 booktitle = {Proc. of the Genetic and Evolutionary Computation Conf. Companion},
 pages = {1407–1414},
 location = {Prague, Czech Republic}
 }